@book{dummy,
  author         = {John Doe},
  publisher      = {Some Random Company},
  title          = {Book With No title},
  year           = {2020}
}

@book{latexcompanion,
  author         = {M. Gossens},
  publisher      = {Addison-Wesley},
  title          = {The LaTeX Companion},
  year           = {1993}
}

@book{einstein,
  author         = {Albert Einstein},
  publisher      = {Annalen der Physik},
  title          = "{Zur Elektrodynamik bewegter K{\"o}rper}. ({German})
                    [{On} The Electrodynamics of Moving Bodies]",
  year           = {1905},
  DOI            = {http://dx.doi....org/10.1002/andp.19053221004},
  keywords       = "physics"
}

@book{knuthwebsite,
  author         = {Donald Knuth},
  publisher      = {Who-Knows Press},
  title          = {Knuth: Computers and Typesetting},
  url            = {http://www-cs-faculty.stanford.edu/~uno/abcde.html},
  year           = {2016}
}